<?xml version="1.0" encoding="UTF-8"?><collection xmlns="http://www.loc.gov/MARC21/slim"><record><leader>00386nam--2200145-i-4500</leader><controlfield tag="001">000047065</controlfield><controlfield tag="002">20161230</controlfield><controlfield tag="005">20161230201046</controlfield><controlfield tag="008">060222s1000------------r-----000-0-eng-d</controlfield><datafield ind1=" " ind2=" " tag="080"><subfield code="a">516P</subfield></datafield><datafield ind1=" " ind2=" " tag="100"><subfield code="a">Vranceanu, Gh</subfield></datafield><datafield ind1=" " ind2=" " tag="245"><subfield code="a">Geometrie analitica, proiectiva si diferentiala</subfield></datafield><datafield ind1=" " ind2=" " tag="260"><subfield code="a">Bucuresti, Ed.Did.Si Ped.,1968. 667 P. + 7 Pl</subfield></datafield><datafield ind1=" " ind2=" " tag="852"><subfield code="a">28776</subfield></datafield><datafield ind1=" " ind2=" " tag="CAT"><subfield code="a">Sys</subfield><subfield code="c">20080611</subfield><subfield code="h">102123</subfield></datafield></record></collection>